<?xml version="1.0" encoding="UTF-8"?><collection xmlns="http://www.loc.gov/MARC21/slim"><record><leader>00355nam--2200109-i-4500</leader><controlfield tag="001">000007367</controlfield><controlfield tag="002">20161230</controlfield><controlfield tag="005">20161230201027</controlfield><controlfield tag="008">060222s1000------------r-----000-0-eng-d</controlfield><datafield ind1=" " ind2=" " tag="245"><subfield code="a">Coordination chemistry. plenary lectures presented at the viii th intern.conf.on coord ination chemistry held in vienna</subfield></datafield><datafield ind1=" " ind2=" " tag="260"><subfield code="a">London, Butterworths, 1965 70 P</subfield></datafield><datafield ind1=" " ind2=" " tag="852"><subfield code="a">22357</subfield></datafield></record></collection>